@report{petrimaire2018,
	author = {Vincent Petri and Cedric Maire},
	title = {Cross-Platform Mobile Application for the Cothority},
	institution = {EPFL},
	date = {2018},
	url = {https://github.com/dedis/student_17_mobile/tree/master/report},
}
@misc{cryptoeprint:2004:027,
	author = {Joseph K. Liu and Victor K. Wei and Duncan S. Wong},
	title = {Linkable Spontaneous Anonymous Group Signature for Ad Hoc Groups},
	howpublished = {Cryptology ePrint Archive, Report 2004/027},
	year = {2004},
	url = {https://eprint.iacr.org/2004/027},
}
@inproceedings{rivest2001,
	title={How to leak a secret},
	author={Rivest, Ronald L and Shamir, Adi and Tauman, Yael},
	booktitle={International Conference on the Theory and Application of Cryptology and Information Security},
	pages={552--565},
	year={2001},
	organization={Springer}
}
@book{aumasson2014,
	title={The Hash Function BLAKE},
	author={Aumasson, Jean-Philippe and Meier, Willi and Phan, Raphael C-W and Henzen, Luca},
	year={2014},
	publisher={Springer}
}
@misc{aumasson2016blake2x,
	title={BLAKE2X.(2016)},
	author={Aumasson, Jean-Philippe and Neves, Samuel and Wilcox-Oâ€™Hearn, Zooko and Winnerlein, Christian},
	year={2016},
	url = {https://blake2.net/blake2x.pdf}
}
